@inproceedings{collinsetal99,
  author = {{Collins}, Michael and {Hajic}, Jan and {Ramshaw}, Lance A. and {Tillman}, Christoph},
  booktitle = {Proceedings of ACL},
  title = {A statistical parser for {Czech}},
  year = {1999}
}

